@article{yolo_paper,
  title={You Only Look Once: Unified, Real-Time Object Detection},
  author={Joseph Redmon and S. Divvala and Ross B. Girshick and Ali Farhadi},
  journal={2016 IEEE Conference on Computer Vision and Pattern Recognition (CVPR)},
  year={2016},
  pages={779-788}
}

@article{yolov4_paper,
      title={{YOLOv4: Optimal Speed and Accuracy of Object Detection}}, 
      author={Alexey Bochkovskiy and Chien-Yao Wang and Hong-Yuan Mark Liao},
      year={2020},
      journal = "arXiv preprint arXiv: 2004.10934",
}

@article{mpyolo_paper,
      title={{Object Detection in Equirectangular Panorama}}, 
      author={Wenyan Yang and Yanlin Qian and Francesco Cricri and Lixin Fan and Joni-Kristian Kamarainen},
      year={2018},
      journal = "arXiv preprint arXiv: 1805.08009",
}

@article{deepsort,
      title={{Simple Online and Realtime Tracking with a Deep Association Metric}}, 
      author={Nicolai Wojke and Alex Bewley and Dietrich Paulus},
      year={2017},
      journal = "arXiv preprint arXiv: 1703.07402",
}

@online{mpyolo,
title={MP-Yolo Github-project},
date={2021-05-05},
url={https://github.com/keevin60907/mp-YOLO},
urldate={2021-02-05},
label={mpyolo},
langid={english}
}



  